<?xml version="1.0" encoding="UTF-8"?><collection xmlns="http://www.loc.gov/MARC21/slim"><record><leader>00687nam--2200241-u-4500</leader><controlfield tag="001">000050464</controlfield><controlfield tag="002">20161230</controlfield><controlfield tag="003">81834</controlfield><controlfield tag="005">20161230201048</controlfield><controlfield tag="008">070323s1000------------r-----000-0-eng-d</controlfield><datafield ind1=" " ind2=" " tag="020"><subfield code="a">3540005455</subfield></datafield><datafield ind1=" " ind2=" " tag="040"><subfield code="a">IFIN-HH</subfield></datafield><datafield ind1=" " ind2=" " tag="080"><subfield code="a">538.9:543.42</subfield></datafield><datafield ind1="1" ind2=" " tag="100"><subfield code="a">Oura, K</subfield></datafield><datafield ind1="1" ind2="0" tag="245"><subfield code="a">Surface Science. An Introduction</subfield><subfield code="c">K. Oura; V.G. Lifshits; A.A. Saranin; A.V. Zotov; M. Katayama</subfield></datafield><datafield ind1=" " ind2=" " tag="260"><subfield code="a">Berlin</subfield><subfield code="b">Springer-Verlag</subfield><subfield code="c">2003</subfield></datafield><datafield ind1=" " ind2=" " tag="300"><subfield code="a">440 p</subfield></datafield><datafield ind1=" " ind2=" " tag="490"><subfield code="a">Advanced Texts in Physics</subfield></datafield><datafield ind1=" " ind2=" " tag="504"><subfield code="a">Include Index. With 372 Figures and 16 Tables</subfield></datafield><datafield ind1=" " ind2="4" tag="650"><subfield code="a">Surface Analysis</subfield></datafield><datafield ind1="1" ind2=" " tag="700"><subfield code="a">Katayama, M</subfield><subfield code="e">Ed</subfield></datafield><datafield ind1=" " ind2=" " tag="852"><subfield code="a">81834</subfield><subfield code="c">538.9</subfield></datafield><datafield ind1=" " ind2=" " tag="CAT"><subfield code="a">Sys</subfield><subfield code="c">20110104</subfield><subfield code="h">122705</subfield></datafield></record></collection>